<?xml version="1.0" encoding="UTF-8"?><collection xmlns="http://www.loc.gov/MARC21/slim"><record><leader>00589nam--2200181-i-4500</leader><controlfield tag="001">000011438</controlfield><controlfield tag="002">20161230</controlfield><controlfield tag="005">20161230201029</controlfield><controlfield tag="008">060222s1000------------r-----000-0-eng-d</controlfield><datafield ind1=" " ind2=" " tag="040"><subfield code="a">IFIN-HH</subfield></datafield><datafield ind1=" " ind2=" " tag="080"><subfield code="a">539.12.162.8 (061.3)</subfield></datafield><datafield ind1="1" ind2=" " tag="100"><subfield code="a">Malhotra, P. K</subfield></datafield><datafield ind1="1" ind2="0" tag="245"><subfield code="a">Proceedings of the ii high energy physics symposium</subfield><subfield code="b">Visva-bharati, santiniketan november 9-13, 1974</subfield><subfield code="c">P.k. malhotra, s.n. ganguli, k.v.l. sarma (eds.)</subfield></datafield><datafield ind1=" " ind2=" " tag="260"><subfield code="a">Bombay</subfield><subfield code="b">Department Of Atomic Energy</subfield><subfield code="c">1974</subfield></datafield><datafield ind1=" " ind2=" " tag="300"><subfield code="a">232P</subfield></datafield><datafield ind1="1" ind2=" " tag="700"><subfield code="a">Sarma, K.V.L</subfield><subfield code="e">Ed</subfield></datafield><datafield ind1=" " ind2=" " tag="852"><subfield code="a">42462</subfield><subfield code="c">539.131</subfield></datafield><datafield ind1=" " ind2=" " tag="CAT"><subfield code="a">Sys</subfield><subfield code="c">20120309</subfield><subfield code="h">142215</subfield></datafield></record></collection>